@misc{ahrs_madgwick,
  title        = {Madgwick Filter â€” AHRS Documentation},
  howpublished = {\url{https://ahrs.readthedocs.io/en/latest/filters/madgwick.html}},
  note         = {Accessed: 2025-04-07}
}
